@inproceedings{kenny2014deep,
  title={Deep neural networks for extracting baum-welch statistics for speaker recognition},
  author={Kenny, Patrick and Gupta, Vishwa and Stafylakis, Themos and Ouellet, P and Alam, J},
  booktitle={Proc. Odyssey},
  year={2014}
}

@article{ivector,
  title={Front-end factor analysis for speaker verification},
  author={Dehak, Najim and Kenny, Patrick and Dehak, R{\'e}da and Dumouchel, Pierre and Ouellet, Pierre},
  journal={Audio, Speech, and Language Processing, IEEE Transactions on},
  volume={19},
  number={4},
  pages={788--798},
  year={2011},
  publisher={IEEE}
}

@inproceedings{garcia2014,
  title={Improving speaker recognition performance in the domain adaptation challenge using deep neural networks},
  author={Garcia-Romero, Daniel and Zhang, Xiaohui and McCree, Alan and Povey, Daniel},
  booktitle={Spoken Language Technology Workshop (SLT), 2014 IEEE},
  pages={378--383},
  year={2014},
  organization={IEEE}
}

@article{lstm,
  author    = {Hasim Sak and
               Andrew W. Senior and
               Fran{\c{c}}oise Beaufays},
  title     = {Long Short-Term Memory Based Recurrent Neural Network Architectures
               for Large Vocabulary Speech Recognition},
  journal   = {CoRR},
  volume    = {abs/1402.1128},
  year      = {2014},
  url       = {http://arxiv.org/abs/1402.1128},
  timestamp = {Thu, 12 Feb 2015 13:58:53 +0100},
  biburl    = {http://dblp.uni-trier.de/rec/bib/journals/corr/SakSB14},
  bibsource = {dblp computer science bibliography, http://dblp.org}
}


@ARTICLE{tdnn, 
author={Waibel, A. and Hanazawa, T. and Hinton, G. and Shikano, K. and Lang, K.J.}, 
journal={Acoustics, Speech and Signal Processing, IEEE Transactions on}, 
title={Phoneme recognition using time-delay neural networks}, 
year={1989}, 
month={Mar}, 
volume={37}, 
number={3}, 
pages={328-339}, 
keywords={neural nets;speech recognition;computing units;error backpropagation;hidden Markov models;nonlinear decision surfaces;phoneme recognition;speech;temporal shifts;testing tokens;three-layer;time-delay neural networks;Acoustic testing;Backpropagation;Character recognition;Computer networks;Computer science;Hidden Markov models;Loudspeakers;Neural networks;Psychology;Speech recognition}, 
doi={10.1109/29.21701}, 
ISSN={0096-3518},}

@inproceedings{saon2014,
  title={Unfolded Recurrent Neural Networks for Speech Recognition},
  author={Saon, George and Soltau, Hagen and Emami, Ahmad and Picheny, Michael},
  booktitle={Fifteenth Annual Conference of the International Speech Communication Association},
  year={2014}
}


@inproceedings{lei2014,
  title={A novel scheme for speaker recognition using a phonetically-aware deep neural network},
  author={Lei, Yun and Scheffer, Nicolas and Ferrer, Luciana and McLaren, Moray},
  booktitle={Acoustics, Speech and Signal Processing (ICASSP), 2014 IEEE International Conference on},
  pages={1695--1699},
  year={2014},
  organization={IEEE}
}

@INPROCEEDINGS{pnorm, 
author={Xiaohui Zhang and Trmal, J. and Povey, D. and Khudanpur, S.}, 
booktitle={Acoustics, Speech and Signal Processing (ICASSP), 2014 IEEE International Conference on}, 
title={Improving deep neural network acoustic models using generalized maxout networks}, 
year={2014}, 
month={May}, 
pages={215-219}, 
keywords={generalisation (artificial intelligence);neural nets;speech recognition;LVCSR task;ReLU;computer vision task;deep neural network acoustic models;generalized maxout networks;large vocabulary continuous speech recognition;normalization layer;p-norm generalization;p-norm units;rectified linear units;soft-maxout;unbounded-output nonlinearities;Acoustics;Neural networks;Speech;Speech processing;Speech recognition;Training;Training data;Acoustic Modeling;Deep Learning;Maxout Networks;Speech Recognition}, 
doi={10.1109/ICASSP.2014.6853589},}

@misc{multisplice,
  title={A time delay neural network architecture for efficient modeling of long temporal contexts},
  author={Vijayaditya Peddinti and Daniel Povey and Sanjeev Khudanpur},
  year={2015},
  howpublished = "\url{http://www.danielpovey.com/files/2015_interspeech_multisplice.pdf}",
  note={to appear in the Proceedings of \textit{INTERSPEECH}},
}

@conference{omar2010,
  title={Training universal background models for speaker recognition},
  author={M.~Omar and J.~Pelecanos},
  year={2010},
  booktitle={\em Odyssey: The Speaker and Language Recognition Workshop}
}

@article{kaldi,
  title={The Kaldi speech recognition toolkit},
  author={Povey, Daniel and Ghoshal, Arnab and Boulianne, Gilles and Burget, Luk{\'a}{\v{s}} and Glembek, Ond{\v{r}}ej and Goel, Nagendra and Hannemann, Mirko and Motl{\'\i}{\v{c}}ek, Petr and Qian, Yanmin and Schwarz, Petr and others},
  year={2011}
}

@misc{sre10,
title={The NIST year 2010 Speaker Recognition Evaluation plan},
year={2010},
howpublished = "\url{http://www.itl.nist.gov/iad/mig/tests/sre/2010/}"
}

@inproceedings{brummer2010speaker,
  title={The speaker partitioning problem.},
  author={Br{\"u}mmer, Niko and De Villiers, Edward},
  booktitle={Odyssey},
  pages={34},
  year={2010}
}

@inproceedings{villalba2011towards,
  title={Towards Fully Bayesian Speaker Recognition: Integrating Out the Between-Speaker Covariance.},
  author={Villalba, Jes{\'u}s A and Br{\"u}mmer, Niko},
  booktitle={INTERSPEECH},
  pages={505--508},
  year={2011}
}

@inproceedings{garcia2011analysis,
  title={Analysis of i-vector Length Normalization in Speaker Recognition Systems.},
  author={Garcia-Romero, Daniel and Espy-Wilson, Carol Y},
  booktitle={Interspeech},
  pages={249--252},
  year={2011}
}

@inproceedings{garcia2012multicondition,
  title={Multicondition training of Gaussian PLDA models in i-vector space for noise and reverberation robust speaker recognition},
  author={Garcia-Romero, Daniel and Zhou, Xinhui and Espy-Wilson, Carol Y},
  booktitle={Acoustics, Speech and Signal Processing (ICASSP), 2012 IEEE International Conference on},
  pages={4257--4260},
  year={2012},
  organization={IEEE}
}

@inproceedings{kenny2010bayesian,
  title={Bayesian Speaker Verification with Heavy-Tailed Priors.},
  author={Kenny, Patrick},
  booktitle={Odyssey},
  pages={14},
  year={2010}
}

@INPROCEEDINGS{plda_prince, 
author={Prince, S.J.D. and Elder, J.H.}, 
booktitle={Computer Vision, 2007. ICCV 2007. IEEE 11th International Conference on}, 
title={Probabilistic Linear Discriminant Analysis for Inferences About Identity}, 
year={2007}, 
month={Oct}, 
pages={1-8}, 
keywords={face recognition;probability;arbitrary face manifold;face images;face recognition algorithms;probabilistic linear discriminant analysis;Algorithm design and analysis;Computer science;Educational institutions;Face recognition;Image recognition;Inference algorithms;Lighting;Linear discriminant analysis;Probes;Vectors}, 
doi={10.1109/ICCV.2007.4409052}, 
ISSN={1550-5499}
}
@inproceedings{fisher,
  title={The Fisher Corpus: a Resource for the Next Generations of Speech-to-Text.},
  author={Cieri, Christopher and Miller, David and Walker, Kevin},
  booktitle={LREC},
  volume={4},
  pages={69--71},
  year={2004}
}

