@Article{Lamp86,
  author =       "A.B. Smith and C.D. Jones and E.F. Roberts",
  title =        "Article Title",
  journal = 	 "Journal",
  year = 	 "1920",
  volume = 	 "62",
  pages = 	 "291-294",
  month = 	 "January"
}

@inproceedings{garcia2014,
  title={Improving speaker recognition performance in the domain adaptation challenge using deep neural networks},
  author={Garcia-Romero, Daniel and Zhang, Xiaohui and McCree, Alan and Povey, Daniel},
  booktitle={Spoken Language Technology Workshop (SLT), 2014 IEEE},
  pages={378--383},
  year={2014},
  organization={IEEE}
}

@inproceedings{lei2014,
  title={A novel scheme for speaker recognition using a phonetically-aware deep neural network},
  author={Lei, Yun and Scheffer, Nicolas and Ferrer, Luciana and McLaren, Moray},
  booktitle={Acoustics, Speech and Signal Processing (ICASSP), 2014 IEEE International Conference on},
  pages={1695--1699},
  year={2014},
  organization={IEEE}
}


